@misc{parsec,
   author = {Daan Leijen},
   title = {Parsec, a fast combinator parser},
   url = {https://web.archive.org/web/20120401040711/http://legacy.cs.uu.nl/daan/download/parsec/parsec.pdf},
   year = {2001},
}
